<?xml version="1.0" encoding="UTF-8"?><collection xmlns="http://www.loc.gov/MARC21/slim"><record><leader>00346nam--2200133-i-4500</leader><controlfield tag="001">000005863</controlfield><controlfield tag="002">20161230</controlfield><controlfield tag="005">20161230201026</controlfield><controlfield tag="008">060222s1000------------r-----000-0-eng-d</controlfield><datafield ind1=" " ind2=" " tag="080"><subfield code="a">..</subfield></datafield><datafield ind1=" " ind2=" " tag="245"><subfield code="a">Lectures on field theory and the many-body problem</subfield></datafield><datafield ind1=" " ind2=" " tag="260"><subfield code="a">New York,Academic Press,1961. Xiii + 327p</subfield></datafield><datafield ind1=" " ind2=" " tag="700"><subfield code="a">Caianiello,E.R</subfield></datafield><datafield ind1=" " ind2=" " tag="852"><subfield code="a">17319</subfield></datafield></record></collection>